@article{key,
  author = {Doe, J.},
  journal = {Journal of Examples},
  number = {1},
  title = {Testing LaTex Templates},
  volume = {1},
  year = {2024}
}
